@book{HatcherAT,
  title={Algebraic Topology},
  author={Hatcher, A.},
  isbn={9780521795401},
  lccn={00065166},
  url={http://books.google.com/books?id=BjKs86kosqgC},
  year={2001},
  publisher={Cambridge University Press}
}
@book{HatcherSS,
  title={Spectral Sequences in Algebraic Topology},
  author={Hatcher, A.},
  url={http://www.math.cornell.edu/~hatcher/SSAT/SSATpage.html},
}


@book{MosherTengora,
  title={Cohomology operations and applications in homotopy theory},
  author={Mosher, R.E. and Tangora, M.C.},
  lccn={68011456},
  series={Harper's series in modern mathematics},
  url={http://books.google.com/books?id=4knvAAAAMAAJ},
  year={1968},
  publisher={Harper \& Row}
}


@Book{MilnorMorse,
  title={Morse Theory. (AM-51)},
  author={Milnor, J.W.},
  isbn={9780691080086},
  lccn={63013729},
  issn={0066-2313},
  series={Annals of Mathematics Studies},
  url={http://books.google.com/books?id=A9QZZ3S\_QxwC},
  year={1963},
  publisher={Princeton University Press}
}

@book{AdamsStable,
  title={Stable Homotopy and Generalised Homology},
  author={Adams, J.F.},
  isbn={9780226005249},
  lccn={74005735},
  series={Chicago Lectures in Mathematics},
  url={http://books.google.com/books?id=6vG13YQcPnYC},
  year={1995},
  publisher={University of Chicago Press}
}
